@inproceedings{Hertzog:2015:BSP:2678025.2701383,
 author = {Hertzog, Patrick},
 title = {Binary Space Partitioning Layouts To Help Build Better Information Dashboards},
 booktitle = {Proceedings of the 20th International Conference on Intelligent User Interfaces},
 series = {IUI '15},
 year = {2015},
 isbn = {978-1-4503-3306-1},
 location = {Atlanta, Georgia, USA},
 pages = {138--147},
 numpages = {10},
 url = {http://doi.acm.org/10.1145/2678025.2701383},
 doi = {10.1145/2678025.2701383},
 acmid = {2701383},
 publisher = {ACM},
 address = {New York, NY, USA},
 keywords = {binary space partitioning, binary tree, constraints generation, constraints solving, information dashboards, layout manager, qpsolver, quadratic optimization},
}

@inproceedings{Jones:2015:ECI:2800835.2800963,
 author = {Jones, Simon L.},
 title = {Exploring Correlational Information in Aggregated Quantified Self Data Dashboards},
 booktitle = {Adjunct Proceedings of the 2015 ACM International Joint Conference on Pervasive and Ubiquitous Computing and Proceedings of the 2015 ACM International Symposium on Wearable Computers},
 series = {UbiComp/ISWC'15 Adjunct},
 year = {2015},
 isbn = {978-1-4503-3575-1},
 location = {Osaka, Japan},
 pages = {1075--1080},
 numpages = {6},
 url = {http://doi.acm.org/10.1145/2800835.2800963},
 doi = {10.1145/2800835.2800963},
 acmid = {2800963},
 publisher = {ACM},
 address = {New York, NY, USA},
 keywords = {correlation analysis, data aggregation, data dashboards, mashups, quantified self, self tracking},
}

@book{few2005,
  author = {Stephen Few},
  title = {Information Dashboard Design: The Effective Visual Communication Of Data},
  year = {2005},
  publisher = {O'reilly},
}

@article{goto2012,
author="後藤 真孝",
title="WISS 2010とWISS 2011での改革",
journal="コンピュータソフトウェア",
ISSN="02896540",
publisher="Japan Society for Software Science and Technology",
year="2012",
month="October",
volume="29",
number="4",
pages="3-8",
URL="http://ci.nii.ac.jp/naid/10031077879/",
DOI="10.11309/jssst.29.4_3",
}

@article{nishida2011,
author="西田 健志 and 栗原 一貴 and 後藤 真孝",
title="On-Air Forum: リアルタイムコンテンツ視聴中のコミュニケーション支援システムの設計とその実証実験",
journal="コンピュータソフトウェア",
ISSN="0289-6540",
publisher="Japan Society for Software Science and Technology",
year="2011",
month="",
volume="28",
number="2",
pages="183-192",
URL="http://ci.nii.ac.jp/naid/130004892177/",
DOI="10.11309/jssst.28.2\_183",
}

@article{nishida2006,
author="西田 健志 and 五十嵐 健夫",
title="Lock-on-Chat : 複数の話題に分散した会話を促進するチャットシステム",
journal="コンピュータソフトウェア",
ISSN="02896540",
publisher="一般社団法人日本ソフトウェア科学会",
year="2006",
month="October",
volume="23",
number="4",
pages="69-75",
URL="http://ci.nii.ac.jp/naid/110004837726/",
DOI="10.11309/jssst.23.4_69",
}

@book{kurihara2016,
  title={消極性デザイン宣言 -- 消極的な人よ、声を上げよ。……いや、上げなくてよい。},
  author = {栗原 一貴 and 西田 健志 and 濱崎 雅弘 and 簗瀬 洋平 and 渡邊 恵太},
  year={2016},
  publisher={ビー・エヌ・エヌ新社},
  isbn={4802510306}
}

@book{few,
  title={Information Dashboard Design: Displaying data for at-a-glance monitoring},
  author = {Stephen Few},
  year={2013},
  publisher={Analytics Press},
  isbn={1938377001}
}

@article{wiss_challenge,
author="綾塚 祐二 and 河口 信夫",
title="参加者が作る会議支援システム : WISS Challenge(特集:インタラクティブソフトウェア)",
journal="コンピュータソフトウェア",
ISSN="02896540",
publisher="一般社団法人日本ソフトウェア科学会",
year="2006",
month="October",
volume="23",
number="4",
pages="76-81",
URL="http://ci.nii.ac.jp/naid/110004837727/",
DOI="10.11309/jssst.23.4_76",
}

@inproceedings{shokai_furnitue,
 author = {Hashimoto, Sho and Masui, Toshiyuki},
 title = {The Furniture of Ubiquitous Computing},
 booktitle = {Proceedings of the 2013 ACM Conference on Pervasive and Ubiquitous Computing Adjunct Publication},
 series = {UbiComp '13 Adjunct},
 year = {2013},
 isbn = {978-1-4503-2215-7},
 location = {Zurich, Switzerland},
 pages = {845--852},
 numpages = {8},
 url = {http://doi.acm.org/10.1145/2494091.2497326},
 doi = {10.1145/2494091.2497326},
 acmid = {2497326},
 publisher = {ACM},
 address = {New York, NY, USA},
 keywords = {goldfish, linda, real-world gui, ubiquitous computing}
}

@article{Carriero:1989:LC:63334.63337,
 author = {Carriero, Nicholas and Gelernter, David},
 title = {Linda in Context},
 journal = {Commun. ACM},
 issue_date = {April 1989},
 volume = {32},
 number = {4},
 month = April,
 year = {1989},
 issn = {0001-0782},
 pages = {444--458},
 numpages = {15},
 url = {http://doi.acm.org/10.1145/63334.63337},
 doi = {10.1145/63334.63337},
 acmid = {63337},
 publisher = {ACM},
 address = {New York, NY, USA},
}

@article{110009657336,
author="加藤 由訓 and 苗村 健",
title="ラジへぇ : 声の効果音を用いた感想共有メディア(＜特集＞アート＆エンタテインメント3)",
journal="日本バーチャルリアリティ学会論文誌",
ISSN="1344011X",
publisher="日本バーチャルリアリティ学会",
year="2013",
month="September",
volume="18",
number="3",
pages="345-356",
URL="http://ci.nii.ac.jp/naid/110009657336/",
DOI="",
}

@misc{soumu27,
  author="総務省情報通信政策研究所",
  title = "平成27年 情報通信メディアの利用時間と情報行動に関する調査報告書",
  howpublished = {\url{http://www.soumu.go.jp/iicp/chousakenkyu/data/research/survey/telecom/2016/02_160825mediariyou_houkokusho.pdf}},
}

@article{40020496489,
author="西川 勇佑 and 中村 雅子",
title="LINEコミュニケーションの特性の分析",
journal="東京都市大学横浜キャンパス情報メディアジャーナル (Journal of Information Studies)",
ISSN="2187-8390",
publisher="東京都市大学環境情報学部情報メディアジャーナル編集委員会",
year="2015",
month="April",
volume="",
number="16",
pages="49-59",
URL="http://ci.nii.ac.jp/naid/40020496489/",
DOI="",
}

@article{110006793374,
author="川井 泰寛 and 志築 文太郎 and 田中 二郎",
title="動画共有非同期コミュニケーションにおける一体感を向上させるインタフェース",
journal="情報処理学会研究報告ヒューマンコンピュータインタラクション（HCI）",
ISSN="09196072",
publisher="一般社団法人情報処理学会",
year="2008",
month="May",
volume="2008",
number="50",
pages="31-36",
URL="http://ci.nii.ac.jp/naid/110006793374/",
DOI="",
}

@inproceedings{SahamiShirazi:2011:RNO:1978942.1978985,
 author = {Sahami Shirazi, Alireza and Rohs, Michael and Schleicher, Robert and Kratz, Sven and M\"{u}ller, Alexander and Schmidt, Albrecht},
 title = {Real-time Nonverbal Opinion Sharing Through Mobile Phones During Sports Events},
 booktitle = {Proceedings of the SIGCHI Conference on Human Factors in Computing Systems},
 series = {CHI '11},
 year = {2011},
 isbn = {978-1-4503-0228-9},
 location = {Vancouver, BC, Canada},
 pages = {307--310},
 numpages = {4},
 url = {http://doi.acm.org/10.1145/1978942.1978985},
 doi = {10.1145/1978942.1978985},
 acmid = {1978985},
 publisher = {ACM},
 address = {New York, NY, USA},
 keywords = {mobile phone, sentiment support, social tv, sports},
}

@article{130001611628,
author="川名 好裕",
title="対話状況における聞き手の相づちが対人魅力に及ぼす効果",
journal="実験社会心理学研究",
ISSN="0387-7973",
publisher="The Japanese Group Dynamics Association",
year="1986",
month="",
volume="26",
number="1",
pages="67-76",
URL="http://ci.nii.ac.jp/naid/130001611628/",
DOI="10.2130/jjesp.26.67",
}

@article{masui_linda,
  author = {増井 俊之},
  title = {インターフェイスの街角– 並列プログラミング},
  year = {2002},
  month = {October},
  journal = {UNIX MAGAZINE},
}

@article{110002711453,
author="中西 泰人 and 倉持 正之 and 松川 昌平",
title="EnhancedChat：音声と関連付け可能な2次元チャット",
journal="情報処理学会論文誌",
ISSN="1882-7764",
publisher="一般社団法人情報処理学会",
year="2002",
month="December",
volume="43",
number="12",
pages="3550-3558",
URL="http://ci.nii.ac.jp/naid/110002711453/",
DOI="",
}

@INPROCEEDINGS{308,
LANG="JP",
TYPE="inproceedings",
AUTHOR="綾塚 祐二 and 松下 伸行 and 暦本 純一",
TITLE="ChatScape: 画像と文字で日常を記録するコミュニケーションシステム",
YEAR="2000",
MONTH="December",
booktitle="日本ソフトウェア科学会 インタラクティブシステムとソフトウェアに関するワークショップ(WISS2000)"
}

@inproceedings{fukui,
author="福井 誠 and 魚井 宏高",
title="発言の関連を表示する二次元チャットシステム: Alice",
booktitle="日本ソフトウェア科学会 インタラクティブシステムとソフトウェアに関するワークショップ(WISS2002)",
year="2002"
}

@inproceedings{kazama,
author="風間 隆人 and 福井 誠 and 魚井 宏高",
title="会話の流れの把握を容易にする二次元チャットシステム: firefly",
booktitle="日本ソフトウェア科学会 インタラクティブシステムとソフトウェアに関するワークショップ(WISS2004)",
year="2004"
}

@article{40000002634,
author="暦本 純一",
title="学会でのチャット!?--WISS'97での実験",
journal="Bit",
ISSN="03856984",
publisher="共立出版",
year="1998",
month="June",
volume="30",
number="6",
pages="8-17",
URL="http://ci.nii.ac.jp/naid/40000002634/",
DOI="",
}